@book{SoundreinforcementforaudioEngineers,
	author = {Wolfgang Ahnert; Dirk Noy},
	title = {Sound Reinforcement for Audio Engineers},
	date = {2023},
	location = {4 Park Square, Milton Park, Abingdon, Oxon OX14 4RN},
	publisher = {Routledge},
	isbn = {978-1-032-11518-4},
	doi = {10.4324/9781003220268},
}
